<?xml version="1.0" encoding="UTF-8"?><record xmlns="http://www.loc.gov/MARC21/slim" xmlns:cinclude="http://apache.org/cocoon/include/1.0" xmlns:zs="http://www.loc.gov/zing/srw/">
  <leader>00567cz  a2200133n  4500</leader>
  <controlfield tag="001">n  88156504 </controlfield>
  <controlfield tag="003">DLC</controlfield>
  <controlfield tag="005">19890926130120.4</controlfield>
  <controlfield tag="008">890628n| acannaab|          |n aaa |||  </controlfield>
  <datafield tag="010" ind1=" " ind2=" ">
    <subfield code="a">n  88156504 </subfield>
  </datafield>
  <datafield tag="040" ind1=" " ind2=" ">
    <subfield code="a">DLC</subfield>
    <subfield code="c">DLC</subfield>
    <subfield code="d">DLC</subfield>
  </datafield>
  <datafield tag="100" ind1="1" ind2="0">
    <subfield code="a">Johnson, Sveinbjorn,</subfield>
    <subfield code="d">1883-1946</subfield>
  </datafield>
  <datafield tag="670" ind1=" " ind2=" ">
    <subfield code="a">NUCMC data from State Hist. Soc. N.D. for Pierce, J.D. Papers, 1795-1945</subfield>
    <subfield code="b">(Sveinbjorn Johnson ; atty gen'l; justice, N.D. Supreme Ct.; b. 1883; d. 1946)</subfield>
  </datafield>
  <datafield tag="670" ind1=" " ind2=" ">
    <subfield code="a">Tweton, D.J. North Dakota, 1976</subfield>
    <subfield code="b">(Johnson, Sveinbjorn; active in Independent Voters Assn.; elected state atty. gen'l in 1920)</subfield>
  </datafield>
</record>